@article{doi:10.1056/NEJMoa011954,
   author = {Schiller, Joan H. and Harrington, David and Belani, Chandra P. and Langer, Corey and Sandler, Alan and Krook, James and Zhu, Junming and Johnson, David H.},
   title = {Comparison of Four Chemotherapy Regimens for Advanced Non–Small-Cell Lung Cancer},
   journal = {New England Journal of Medicine},
   volume = {346},
   number = {2},
   pages = {92-98},
   year = {2002},
   doi = {10.1056/NEJMoa011954},
   note ={PMID: 11784875},
   URL = {https://doi.org/10.1056/NEJMoa011954},
   eprint = {https://doi.org/10.1056/NEJMoa011954}
}

@article{2001_83_EC_Directive_For_Pharmacokinetic_Characterisation,
   author = {Fontaine, N and Reynders, D},
   title = {Directive 2001/83/EC of the European Parliament and of the Council of 6 November 2001 on the Community code relating to medicinal products for human use},
   journal = {Official Journal of the European Communities L},
   volume = {311},
   pages = {67-128},
   year = {2001},
   type = {Journal Article}
}

@article{holford1982kinetics,
  title={Kinetics of pharmacologic response},
  author={Holford, Nicholas HG and Sheiner, Lewis B},
  journal={Pharmacology \& therapeutics},
  volume={16},
  number={2},
  pages={143--166},
  year={1982},
  publisher={Elsevier}
}

@misc{Therapeutic_Index_And_Window,
   author = {Smith, Robert},
   title = {Therapeutic Index},
   publisher = {MedBullets},
   volume = {2022},
   number = {15/04/2022},
   url = {https://step1.medbullets.com/pharmacology/107009/therapeutic-index},
   year = {2021},
   type = {Web Page}
}

@article{cyclophosphamide_details,
   author = {Pinto, Navin and Ludeman, Susan M. and Dolan, M. Eileen},
   title = {Drug Focus: Pharmacogenetic studies related to cyclophosphamide-based therapy},
   journal = {Pharmacogenomics},
   volume = {10},
   number = {12},
   pages = {1897-1903},
   ISSN = {1462-2416},
   DOI = {10.2217/pgs.09.134},
   url = {https://dx.doi.org/10.2217/pgs.09.134},
   year = {2009},
   type = {Journal Article}
}

@book{Clinical_Pharmacokinetics_and_Pharmacodynamics_Concepts,
   author = {Hartmut Derendorf, Stephan Schmidt, Malcolm Rowland},
   title = {Rowland and Tozer's Clinical Pharmacokinetics and Pharmacodynamics Concepts and Applications},
   publisher = {Lippincott Williams and Wilkins},
   edition = {5},
   ISBN = {9781496385048},
   year = {2019},
   type = {Book}
}

@misc{ion_trapping,
   author = {Chemeurope.com},
   title = {Ion trapping},
   publisher = {Chemeurope.com},
   volume = {2022},
   number = {12/01/2022},
   url = {https://www.chemeurope.com/en/encyclopedia/Ion_trapping.html},
   year = {2003},
   type = {Web Page}
}

@article{cumlative_effects,
   author = {Danieli, Coraline and Abrahamowicz, Michal},
   title = {Competing risks modeling of cumulative effects of time-varying drug exposures},
   journal = {Statistical Methods in Medical Research},
   volume = {28},
   number = {1},
   pages = {248-262},
   ISSN = {0962-2802},
   DOI = {10.1177/0962280217720947},
   url = {https://dx.doi.org/10.1177/0962280217720947},
   year = {2019},
   type = {Journal Article}
}

 @misc{Compartmental_modeling_in_Pharmacokinetics, 
 	title={Compartmental modeling in Pharmacokinetics}, 
 	url={https://www.nuventra.com/resources/blog/pk-compartmental-modeling/}, 
 	journal={PK / PD and Clinical Pharmacology Consultants}, 
 	publisher={Nuventra Pharma Sciences}, 
 	author={Team, Scientific Writing}, 
 	year={2022}, 
 	month={Mar}
 } 
 
 @book{statistical_rethinking,
   author = {McElreath, Richard},
   title = {Statistical Rethinking: A Bayesian Course with Examples in R and STAN},
   publisher = {Richard McElreath},
   edition = {2},
   ISBN = {9780367139919},
   year = {2020},
   type = {Book}
}

@article{Modeling_and_administration_scheduling,
   author = {Herceg, Domagoj and Ntouskas, Sotiris and Sopasakis, Pantelis and Dokoumetzidis, Aris and Macheras, Panos and Sarimveis, Haralambos and Patrinos, Panagiotis},
   title = {Modeling and administration scheduling of fractional-order pharmacokinetic systems * *The work of the last author was supported by the KU Leuven Research Council under BOF/STG-15-043},
   journal = {IFAC-PapersOnLine},
   volume = {50},
   number = {1},
   pages = {9742-9747},
   ISSN = {2405-8963},
   DOI = {10.1016/j.ifacol.2017.08.2178},
   url = {https://dx.doi.org/10.1016/j.ifacol.2017.08.2178},
   year = {2017},
   type = {Journal Article}
}

@book{samko1993fractional,
  title={Fractional integrals and derivatives},
  author={Samko, Stefan G and Kilbas, Anatoly A and Marichev, Oleg I and others},
  volume={1},
  year={1993},
  publisher={Gordon and breach science publishers, Yverdon Yverdon-les-Bains, Switzerland}
}

@article{garrappa2015numerical,
  title={Numerical evaluation of two and three parameter Mittag-Leffler functions},
  author={Garrappa, Roberto},
  journal={SIAM Journal on Numerical Analysis},
  volume={53},
  number={3},
  pages={1350--1369},
  year={2015},
  publisher={SIAM}
}

@article{Controlled_Drug_Administration,
   author = {Sopasakis, Pantelis and Sarimveis, Haralambos},
   title = {Controlled Drug Administration by a Fractional PID},
   journal = {IFAC Proceedings Volumes},
   volume = {47},
   number = {3},
   pages = {8421-8426},
   ISSN = {1474-6670},
   DOI = {10.3182/20140824-6-za-1003.00740},
   url = {https://dx.doi.org/10.3182/20140824-6-za-1003.00740},
   year = {2014},
   type = {Journal Article}
}

@article{Fractional_order_control,
  title={Fractional-order control: Theory and applications in motion control [past and present]},
  author={Ma, Chengbin and Hori, Yoichi},
  journal={IEEE Industrial Electronics Magazine},
  volume={1},
  number={4},
  pages={6--16},
  year={2007},
  publisher={IEEE}
}

@article{FOC_Basics,
  title={Fractional order calculus: basic concepts and engineering applications},
  author={Gutierrez, Ricardo Enrique and Rosario, Joao Mauricio and Tenreiro Machado, Jos{\'e}},
  journal={Mathematical problems in engineering},
  volume={2010},
  year={2010},
  publisher={Hindawi}
}

@article{control_theory_fractional_applications,
   author = {Matušů, Radek},
   title = {Application of fractional order calculus to control theory},
   journal = {International Journal of Mathematical Models and Methods in Applied Sciences},
   ISSN = {1998-0140},
   year = {2011},
   type = {Journal Article}
}

@inproceedings{fractional_control_tutorial,
   author = {Chen, Yangquan and Petras, Ivo and Xue, Dingyu},
   title = {Fractional order control - A tutorial},
   publisher = {IEEE},
   DOI = {10.1109/acc.2009.5160719},
   url = {https://dx.doi.org/10.1109/acc.2009.5160719},
   type = {Conference Proceedings}
}

@inbook{One_Compartment_Open_Model,
	author={Leon Shargel and Susanna Wu-Pong and Andrew B.C. Yu},
	title={Chapter 3. One-Compartment Open Model: Intravenous Bolus Administration},
	booktitle={Applied Biopharmaceutics &amp; Pharmacokinetics, 6e},
	publisher={The McGraw-Hill Companies},
	address={New York, NY},
	year={2012},
	url={accesspharmacy.mhmedical.com/content.aspx?aid=56601533}
}

@article{kuhlkamp1999effect,
  title={Effect of amiodarone and sotalol on the defibrillation threshold in comparison to patients without antiarrhythmic drug treatment},
  author={K{\"u}hlkamp, Volker and Mewis, Christian and Suchalla, Ralph and Mermi, Johann and D{\"o}rnberger, Volker and Seipel, Ludger},
  journal={International journal of cardiology},
  volume={69},
  number={3},
  pages={271--279},
  year={1999},
  publisher={Elsevier}
}

@book{the_fractional_calculus,
   author = {Keith Oldham, Jerome Spanier},
   title = {The fractional calculus : theory and applications of differentiation and integration to arbitrary order},
   ISBN = {9780080956206},
   year = {1974},
   type = {Book}
}

@book{euler1794institutiones,
  title={Institutiones calculi integralis},
  author={Euler, Leonhard},
  volume={4},
  year={1794},
  publisher={Academia Imperialis Scientiarum}
}

@article{Fractional_calculus_in_pharmacokinetics,
   author = {Sopasakis, Pantelis and Sarimveis, Haralambos and Macheras, Panos and Dokoumetzidis, Aristides},
   title = {Fractional calculus in pharmacokinetics},
   journal = {Journal of Pharmacokinetics and Pharmacodynamics},
   volume = {45},
   number = {1},
   pages = {107-125},
   ISSN = {1567-567X},
   DOI = {10.1007/s10928-017-9547-8},
   url = {https://dx.doi.org/10.1007/s10928-017-9547-8
https://link.springer.com/content/pdf/10.1007/s10928-017-9547-8.pdf},
   year = {2018},
   type = {Journal Article}
}

@article{L_BFGS_B_Method,
    author = {Dong C. Liu and Jorge Nocedal},
    title = {On the limited memory BFGS method for large scale optimization},
    journal = {MATHEMATICAL PROGRAMMING},
    year = {1989},
    volume = {45},
    pages = {503--528}
}

@article{wang2018particle,
  title={Particle swarm optimization algorithm: an overview},
  author={Wang, Dongshu and Tan, Dapei and Liu, Lei},
  journal={Soft Computing},
  volume={22},
  number={2},
  pages={387--408},
  year={2018},
  publisher={Springer}
}